<?xml version="1.0" encoding="UTF-8"?><collection xmlns="http://www.loc.gov/MARC21/slim"><record><leader>00786nam--2200217-i-4500</leader><controlfield tag="001">000012373</controlfield><controlfield tag="002">20161230</controlfield><controlfield tag="005">20161230201029</controlfield><controlfield tag="008">060222s1000------------r-----000-0-eng-d</controlfield><datafield ind1=" " ind2=" " tag="020"><subfield code="a">0720406951</subfield></datafield><datafield ind1=" " ind2=" " tag="040"><subfield code="a">IFIN-HH</subfield></datafield><datafield ind1=" " ind2=" " tag="080"><subfield code="a">535.338.4:621.375.826.001.1(042.4)</subfield></datafield><datafield ind1="1" ind2=" " tag="100"><subfield code="a">Balian, Roger</subfield></datafield><datafield ind1="1" ind2="0" tag="245"><subfield code="a">Aux frontieres de la spectroscopie laser frontiers in laser spectroscopy</subfield><subfield code="b">Les houches. session xxvii, 30 juin-26 juillet 1975</subfield><subfield code="c">ROGER BALIAN; SERGE HAROCHE; SYLVAIN LIBERMAN (Eds.)</subfield></datafield><datafield ind1=" " ind2=" " tag="260"><subfield code="a">OXFORD</subfield><subfield code="b">North-holland Publishing Company</subfield><subfield code="c">1977</subfield></datafield><datafield ind1=" " ind2=" " tag="300"><subfield code="a">2 VOLUME</subfield></datafield><datafield ind1=" " ind2=" " tag="490"><subfield code="a">Les Houches, Ecole D'Ete De Physique Theorique</subfield><subfield code="v">Session Xxvii</subfield></datafield><datafield ind1="1" ind2=" " tag="700"><subfield code="a">Liberman, Sylvain</subfield><subfield code="e">Ed</subfield></datafield><datafield ind1="0" ind2=" " tag="787"><subfield code="a">Vol. 2</subfield><subfield code="b">Xxv+477-907p</subfield></datafield><datafield ind1=" " ind2=" " tag="852"><subfield code="a">45414</subfield><subfield code="c">535.33</subfield></datafield><datafield ind1=" " ind2=" " tag="CAT"><subfield code="a">Sys</subfield><subfield code="c">20101213</subfield><subfield code="h">155135</subfield></datafield></record></collection>